@article{brooks1982streamline,
  author    = {A.~N.~Brooks and T.~J.~R.~Hughes},
  title     = {{Streamline Upwind/Petrov-Galerkin formulations for convection dominated
                flows with particular emphasis on the incompressible Navier-Stokes equations}},
  journal   = {Computer Methods in Applied Mechanics and Engineering},
  year      = 1982,
  volume    = 32,
  pages     = {199--259}
}

@book{donea2003finite,
  author    = {J.~Donea and A.~Huerta},
  title     = {{Finite element methods for flow problems}},
  publisher = {John Wiley \& Sons},
  year      = 2003
}

@article{olsson2005conservative,
  title={A conservative level set method for two phase flow},
  author={Olsson, Elin and Kreiss, Gunilla},
  journal={Journal of computational physics},
  volume={210},
  number={1},
  pages={225--246},
  year={2005},
  publisher={Elsevier},
  url={http://dx.doi.org/10.1016/j.jcp.2005.04.007}
}


@article{olsson2007conservative,
  title={A conservative level set method for two phase flow II},
  author={Olsson, Elin and Kreiss, Gunilla and Zahedi, Sara},
  journal={Journal of Computational Physics},
  volume={225},
  number={1},
  pages={785--807},
  year={2007},
  publisher={Elsevier},
  url={http://dx.doi.org/10.1016/j.jcp.2006.12.027}
}

@book{osher2006level,
  author    = {S.~Osher and R.~Fedkiw},
  title     = {{Level set methods and dynamic implicit surfaces}},
  volume    = {153},
  publisher = {Springer Science \& Business Media},
  year      = 2006
}

@article{min2010reinitializing,
   author = {C.~Min},
    title = {{On reinitializing level set functions}},
  journal = {Journal of Computational Physics},
    month = apr,
     year = 2010,
   volume = 229,
   number = 8,
    pages = {2764--2772},
     url  = {http://dx.doi.org/10.1016/j.jcp.2009.12.032}
}

@article{hughes1989VIII,
  author    = {T.~J.~R. Hughes and L.~P. Franca and G.~M. Hullbert},
  title     = {{A new finite element formulation for computational fluid dynamics:
                VIII. The Galerkin/least--squares method advective--diffusive equations}},
  journal   = {Computer Methods in Applied Mechanics and Engineering},
  year      = 1989,
  volume    = 73,
  pages     = {173--189}
}

@Article{hughes1986beyond,
  author    = {T.~J.~R. Hughes and M.~Mallet},
  title     = {{A new finite element formulation for computational fluid dynamics: II. Beyond SUPG}},
  journal   = {Computer Methods in Applied Mechanics and Engineering},
  year      = 1986,
  volume    = 54,
  pages     = {341--355}
}

@Article{shakib1991compressible,
  author    = {F.~Shakib and T.~J.~R. Hughes and Z.~Johan},
  title     = {{A new finite element formulation for computational fluid dynamics:
                X. The compressible Euler and Navier--Stokes equations}},
  journal   = {Computer Methods in Applied Mechanics and Engineering},
  year      = 1991,
  volume    = 89,
  pages     = {141--219}
}
