@article{macroTestKey,
  author={Jane Smith and John Doe},
  title={A test citation to see if macros work},
  year={2017},
  journal=jmt
}
