@STRING{jmt="Journal of Macro Testing"}
