@article{testkey,
  author={Jane Smith and John Doe},
  title={A test citation without special characters for easy testing.},
  year={1980},
  journal={A Prestigous Journal}
}

@inproceedings{wang2015convergence,
 author={Wang, Y. and {DeHart}, M.D. and Gaston, D.R. and Gleicher, F.N. and Martineau, R.C. and Peterson, J.W. and Ortensi, J. and Schunert, S.},
 title={{Convergence study of RattleSnake solutions for the two-dimensional C5G7 MOX benchmark}},
 booktitle={{Proceedings of the Joint International Conference on Mathematics and Computation (M\&C), Supercomputing in Nuclear Applications (SNA), and the Monte Carlo (MC) Method, Nashville, TN}},
 month={Apr.{~19--23}},
 year={2015},
 url={http://www.mc2015.org}
}

@article{libMeshPaper,
  author = {B.~S.~Kirk and J.~W.~Peterson and R.~H.~Stogner and G.~F.~Carey},
  title = {{\texttt{libMesh}: A C++ Library for Parallel Adaptive Mesh
              Refinement/Coarsening Simulations}},
  journal = {Engineering with Computers},
  volume = {22},
  number = {3--4},
  pages = {237--254},
  year = {2006},
  url={http://dx.doi.org/10.1007/s00366-006-0049-3}
}

@article{williamson2012multidimensional,
  title={Multidimensional multiphysics simulation of nuclear fuel behavior},
  author={Williamson, RL and Hales, JD and Novascone, SR and Tonks, MR and Gaston, DR and Permann, CJ and Andr\v{s}, D and Martineau, RC},
  journal={Journal of Nuclear Materials},
  volume={423},
  number={1},
  pages={149--163},
  year={2012},
  publisher={Elsevier},
  url={http://dx.doi.org/10.1016/j.jnucmat.2012.01.012}
}

@article{tonks2012object,
  title={An object-oriented finite element framework for multiphysics phase field simulations},
  author={Tonks, Michael R and Gaston, Derek and Millett, Paul C and Andr\v{s}, David and Talbot, Paul},
  journal={Computational Materials Science},
  volume={51},
  number={1},
  pages={20--29},
  year={2012},
  publisher={Elsevier},
  url={http://dx.doi.org/10.1016/j.commatsci.2011.07.028}
}

@article{gaston2014continuous,
  Title  = {Continuous integration for concurrent computational framework and application development},
  Author = {Gaston, D.~R. and Peterson, J.~W. and Permann, C.~J. and Andr\v{s}, D. and Slaughter, A.~E. and Miller, J.~M.},
  Journal= {Journal of Open Research Software},
  Year   = {2014},
  Month  = jul,
  Note   = {Article e10},
  Number = {1},
  Pages  = {1--6},
  Volume = {2},
  url = {http://dx.doi.org/10.5334/jors.as}
}


@article{gaston2015physics,
   author = {D.~R.~Gaston and C.~J.~Permann and J.~W.~Peterson and A.~E.~Slaughter and D.~Andr\v{s} and Y.~Wang and
             M.~P.~Short and D.~M.~Perez and M.~R.~Tonks and J.~Ortensi and R.~C.~Martineau},
    title = {Physics-based multiscale coupling for full core nuclear reactor simulation},
  journal = {Annals of Nuclear Energy, Special Issue on Multi-Physics Modelling of LWR Static and Transient Behaviour},
    month = oct,
     year = 2015,
   volume = 84,
    pages = {45--54},
     url= {http://dx.doi.org/10.1016/j.anucene.2014.09.060}
}

@article{wang2014diffusion,
  title={Diffusion Acceleration Schemes for Self-Adjoint Angular Flux Formulation with a Void Treatment},
  author={Wang, Y. and Zhang, H. and Martineau, R.C.},
  journal={Nuclear Science and Engineering},
  volume={176},
  number={2},
  pages={201--225},
  year={2014},
  publisher={American Nuclear Society},
  url={http://dx.doi.org/10.13182/NSE12-83}
}

@article{hales2013multidimensional,
  title={Multidimensional multiphysics simulation of TRISO particle fuel},
  author={Hales, JD and Williamson, RL and Novascone, SR and Perez, DM and Spencer, BW and Pastore, G},
  journal={Journal of Nuclear Materials},
  volume={443},
  number={1},
  pages={531--543},
  year={2013},
  publisher={Elsevier},
  url={http://dx.doi.org/10.1016/j.jnucmat.2013.07.070}
}

@article{hales2014verification,
  title={Verification of the BISON fuel performance code},
  author={Hales, JD and Novascone, SR and Spencer, BW and Williamson, RL and Pastore, G and Perez, DM},
  journal={Annals of Nuclear Energy},
  volume={71},
  pages={81--90},
  year={2014},
  publisher={Elsevier},
  url={http://dx.doi.org/10.1016/j.anucene.2014.03.027}
}

@article{slaughter2015continuous,
  title={Continuous integration for concurrent MOOSE framework and application development on GitHub},
  author={Slaughter, Andrew E and Peterson, John W and Gaston, Derek R and Permann, Cody J and Andr{\v{s}}, David and Miller, Jason M},
  journal={Journal of Open Research Software},
  volume={3},
  number={1},
  year={2015},
  publisher={Ubiquity Press},
  url={ http://doi.org/10.5334/jors.bx}
}


@inproceedings{slaughter2014framework,
  title={{MOOSE}: A Framework to Enable Rapid Advances and Collaboration in Modeling Snow and Avalanches},
  author={Slaughter, A.E. and Johnson, M.J. and Tonks, M.R. and Gaston, D.R. and Permann, C.J. and Peterson, J.W. and Andr\v{s}, D. and Miller, J.M. and Adams, E.E. and Walters, D.J.},
  booktitle={International Snow Science Workshop},
  year={2014},
  address={Banff, AB},
  url={http://arc.lib.montana.edu/snow-science/item.php?id=2120}
}
