@inproceedings{roe1985some,
  title={{Some contributions to the modelling of discontinuous flows}},
  author={Roe, Philip L},
  booktitle={Large-Scale Computations in Fluid Mechanics},
  pages={163--193},
  year={1985}
}

@article{van1977towards,
  title={{Towards the ultimate conservative difference scheme. IV. A new approach to numerical convection}},
  author={Van Leer, Bram},
  journal={Journal of computational physics},
  volume={23},
  number={3},
  pages={276--299},
  year={1977},
  publisher={Elsevier}
}

@article{Lar2008,
	Author = {Larsen, Edward W. and Wollaber, Allan B.},
	Date-Added = {2010-01-15 15:01:35 -0500},
	Date-Modified = {2010-01-15 15:01:35 -0500},
	Journal = {Nuclear Science and Engineering},
	Keywords = {SN},
	Number = {3},
	Pages = {267--283},
	Title = {A Quantitative Theory of Angular Truncation Errors in Three-Dimensional {$S_N$} Calculations},
	Volume = {160},
	Year = {2008}}

@techreport{Car1953,
	Author = {Carlson, Bengt G.},
	Date-Added = {2010-01-15 14:53:00 -0500},
	Date-Modified = {2010-01-15 14:53:00 -0500},
	Institution = {Los Alamos Scientific Laboratory},
	Number = {LA-1599},
	Title = {Solution of the Transport Equation by {S$_n$} Approximations},
	Year = {1953}}

@book{Kno2000,
	Author = {Knoll, Glenn F.},
	Date-Added = {2010-01-15 14:52:06 -0500},
	Date-Modified = {2010-01-15 14:52:06 -0500},
	Edition = {3rd},
	Publisher = {John Wiley \& Sons, Inc.},
	Title = {Radiation Detection and Measurement},
	Year = {2000}}

@article{Pul2010,
	Author = {Pullum, Geoffrey K.},
	Journal = {English Today},
	Number = {2},
	Pages = {34--44},
	Title = {The Land of the Free and \emph{The Elements of Style}},
	Volume = {26},
	Year = {2010}}

@book{Str2000,
	Author = {Strunk, W. and White, E.B.},
	Edition = {4},
	Publisher = {New York: Allyn and Bacon},
	Title = {The Elements of Style},
	Year = {2000}}

@article{martineau2004pressure,
  title={{The pressure-corrected ICE finite element method for compressible flows on unstructured meshes}},
  author={Martineau, Richard C and Berry, Ray A},
  journal={Journal of Computational Physics},
  volume={198},
  number={2},
  pages={659--685},
  year={2004},
  publisher={Elsevier}
}

@article{berry2006notes,
  title={Notes on the PCICE method: Simplification, generalization, and compressibility properties},
  author={Berry, Ray A},
  journal={Journal of Computational Physics},
  volume={215},
  number={1},
  pages={6--11},
  year={2006},
  publisher={Elsevier}
}

@techreport{krist1998cfl3d,
  title={{CFL3D User's Manual (Version 5.0)}},
  author={Krist, Sherrie L and Biedron, Robert T and Rumsey, Christopher L},
  institution={NASA Langley Research Center},
  year={1998},
  number={NASA/TM-1998-208444},
  address={Hampton, Virginia, United States}
}

@techreport{carlson2011inflow,
  title={{Inflow/Outflow Boundary Conditions with Application to FUN3D}},
  author={Carlson, Jan-Rene{\'e}},
  institution={NASA Langley Research Center},
  year={2011},
  number={NASA/TM-2011-217181},
  address={Hampton, Virginia, United States}
}

@inproceedings{mengaldo2014guide,
  title={{A Guide to the Implementation of Boundary Conditions
          in Compact High-Order Methods for Compressible Aerodynamics}},
  author={Mengaldo, Gianmarco and De Grazia, Daniele and Peiro, J and
          Farrington, Antony and Witherden, F and Vincent, PE and Sherwin, SJ},
  booktitle={7th AIAA Theoretical Fluid Mechanics Conference},
  year={2014},
  month={June},
  series={AIAA Paper No. 2014-2923},
  organization={American Institute of Aeronautics and Astronautics},
  address={Atlanta, Georgia, United States}
}

@article{woodward1984numerical,
  title={{The numerical simulation of two-dimensional fluid flow with strong shocks}},
  author={Woodward, Paul and Colella, Phillip},
  journal={Journal of Computational Physics},
  volume={54},
  number={1},
  pages={115--173},
  year={1984},
  publisher={Elsevier}
}

@article{wang2013high,
  title={{High-order CFD methods: current status and perspective}},
  author={Wang, ZJ and Fidkowski, Krzysztof and Abgrall, R{\'e}mi and Bassi, Francesco and Caraeni, Doru and Cary, Andrew and Deconinck, Herman and Hartmann, Ralf and Hillewaert, Koen and Huynh, HT and others},
  journal={International Journal for Numerical Methods in Fluids},
  volume={72},
  number={8},
  pages={811--845},
  year={2013},
  publisher={Wiley Online Library}
}

@book{leveque2002finite,
  title={{Finite-Volume Methods for Hyperbolic Problems}},
  author={LeVeque, Randall J},
  volume={31},
  year={2002},
  publisher={Cambridge University Press}
}

@article{gottlieb1998total,
  title={Total variation diminishing Runge-Kutta schemes},
  author={Gottlieb, Sigal and Shu, Chi-Wang},
  journal={Mathematics of computation of the American Mathematical Society},
  volume={67},
  number={221},
  pages={73--85},
  year={1998}
}

@article{liou1993new,
  title={A new flux splitting scheme},
  author={Liou, Meng-Sing and Steffen, Christopher J},
  journal={Journal of Computational Physics},
  volume={107},
  number={1},
  pages={23--39},
  year={1993},
  publisher={Elsevier}
}

@article{liou2006sequel,
  title={{A sequel to AUSM, Part II: AUSM{$^+$}-up for all speeds}},
  author={Liou, Meng-Sing},
  journal={Journal of Computational Physics},
  volume={214},
  number={1},
  pages={137--170},
  year={2006},
  publisher={Elsevier}
}

@article{liou2008solve,
  title={{How to solve compressible multifluid equations: a simple, robust, and accurate method}},
  author={Liou, M-S and Chang, C-H and Nguyen, Loc and Theofanous, Theo G},
  journal={AIAA Journal},
  volume={46},
  number={9},
  pages={2345--2356},
  year={2008}
}

@article{daru2004high,
  title={{High order one-step monotonicity-preserving schemes for unsteady compressible flow calculations}},
  author={Daru, V. and Tenaud, C.},
  journal={Journal of Computational Physics},
  volume={193},
  number={2},
  pages={563--594},
  year={2004},
  publisher={Elsevier}
}

@article{zeng2015comparison,
  title={Comparison of implicit and explicit AUSM-family schemes for compressible multiphase flows},
  author={Zeng, QL and Aydemir, NU and Lien, FS and Xu, T},
  journal={International Journal for Numerical Methods in Fluids},
  volume={77},
  number={1},
  pages={43--61},
  year={2015},
  publisher={Wiley Online Library}
}

@article{zhu2016runge,
  title={Runge-Kutta discontinuous Galerkin method with a simple and compact Hermite WENO limiter},
  author={Zhu, Jun and Zhong, Xinghui and Shu, Chi-Wang and Qiu, Jianxian},
  journal={Communications in Computational Physics},
  volume={19},
  number={04},
  pages={944--969},
  year={2016},
  publisher={Cambridge Univ Press}
}

@book{sedov1993similarity,
  title={{Similarity and Dimensional Methods in Mechanics}},
  author={Sedov, Leonid Ivanovich},
  year={1993},
  publisher={CRC Press}
}

@book{korobeinikov1991problems,
  title={{Problems of Point Blast Theory}},
  author={Korobeinikov, Viktor Pavlovich},
  year={1991},
  publisher={Springer Science \& Business Media}
}

@inproceedings{linde1997robust,
  title={{Robust Euler codes}},
  author={Linde, Timur and Roe, Philip L},
  booktitle={13th AIAA Computational Fluid Dynamics Conference},
  year={1997},
  month={June},
  series={AIAA Paper No. 1997-2098},
  organization={American Institute of Aeronautics and Astronautics},
  address={Snowmass Village, Colorado, United States}
}

@article{batten1997average,
  title={{Average-state Jacobians and implicit methods for compressible viscous and turbulent flows}},
  author={Batten, P and Leschziner, MA and Goldberg, UC},
  journal={Journal of Computational Physics},
  volume={137},
  number={1},
  pages={38--78},
  year={1997},
  publisher={Elsevier}
}

@article{batten1997choice,
  title={{On the choice of wavespeeds for the HLLC Riemann solver}},
  author={Batten, P and Clarke, N and Lambert, C and Causon, DM},
  journal={SIAM Journal on Scientific Computing},
  volume={18},
  number={6},
  pages={1553--1570},
  year={1997},
  publisher={SIAM}
}

@article{emery1968evaluation,
  title={{An evaluation of several differencing methods for inviscid fluid flow problems}},
  author={Emery, Ashley F},
  journal={Journal of Computational Physics},
  volume={2},
  number={3},
  pages={306--331},
  year={1968},
  publisher={Elsevier}
}

@article{van1979towards,
  title={Towards the ultimate conservative difference scheme. V. A second-order sequel to Godunov's method},
  author={Van Leer, Bram},
  journal={Journal of Computational Physics},
  volume={32},
  number={1},
  pages={101--136},
  year={1979},
  publisher={Elsevier}
}

@inproceedings{barth1989design,
  title={{The design and application of upwind schemes on unstructured meshes}},
  author={Barth, Timothy J and Jespersen, Dennis C},
  year={1989},
  month={January},
  booktitle={27th Aerospace Sciences Meeting},
  series={AIAA Paper No. 89-0366},
  organization={American Institute of Aeronautics and Astronautics},
  address={Reno, Nevada, United States}
}

@inproceedings{barth1993recent,
  title={{Recent developments in high order k-exact reconstruction on unstructured meshes}},
  author={Barth, Timothy J},
  month={January},
  year={1993},
  booktitle={31st Aerospace Sciences Meeting},
  series={AIAA Paper No. 1993-668},
  organization={American Institute of Aeronautics and Astronautics},
  address={Reno, Nevada, United States}
}

@article{haider2009stability,
  title={{Stability analysis of the cell centered finite-volume MUSCL method on unstructured grids}},
  author={Haider, F and Croisille, J-P and Courbet, B},
  journal={Numerische Mathematik},
  volume={113},
  number={4},
  pages={555--600},
  year={2009},
  publisher={Springer}
}

@article{dumbser2007arbitrary,
  title={{Arbitrary high order non-oscillatory finite volume schemes on unstructured meshes for linear hyperbolic systems}},
  author={Dumbser, Michael and K{\"a}ser, Martin},
  journal={Journal of Computational Physics},
  volume={221},
  number={2},
  pages={693--723},
  year={2007},
  publisher={Elsevier}
}

@article{dumbser2007quadrature,
  title={Quadrature-free non-oscillatory finite volume schemes on unstructured meshes for nonlinear hyperbolic systems},
  author={Dumbser, Michael and K{\"a}ser, Martin and Titarev, Vladimir A and Toro, Eleuterio F},
  journal={Journal of Computational Physics},
  volume={226},
  number={1},
  pages={204--243},
  year={2007},
  publisher={Elsevier}
}

@inproceedings{buningt19853,
  title={{A 3-D chimera grid embedding technique}},
  author={Buningt, PG},
  year={1985},
  month={July},
  booktitle={7th Computational Physics Conference},
  series={AIAA Paper No. 1985-1523},
  organization={American Institute of Aeronautics and Astronautics},
  address={Cincinnati, Ohio, United States}
}

@inproceedings{benek1987extended,
  title={{Extended Chimera grid embedding scheme with application to viscous flows}},
  author={Benek, JA and Donegan, TL and Suhs, NE},
  year={1987},
  month={June},
  booktitle={8th Computational Fluid Dynamics Conference},
  series={AIAA Paper No. 1987-1126},
  organization={American Institute of Aeronautics and Astronautics},
  address={Honolulu, Hawaii, United States}
}

@article{lohner1988generation,
  title={Generation of three-dimensional unstructured grids by the advancing-front method},
  author={L{\"o}hner, Rainald and Parikh, Paresh},
  journal={International Journal for Numerical Methods in Fluids},
  volume={8},
  number={10},
  pages={1135--1149},
  year={1988},
  publisher={Wiley Online Library}
}

@article{pirzadeh1994unstructured,
  title={Unstructured viscous grid generation by the advancing-layers method},
  author={Pirzadeh, Shahyar},
  journal={AIAA journal},
  volume={32},
  number={8},
  pages={1735--1737},
  year={1994}
}

@article{sharov2003unstructured,
  title={Unstructured Navier--Stokes grid generation at corners and ridges},
  author={Sharov, Dmitri and Luo, Hong and Baum, Joseph D and L{\"o}hner, Rainald},
  journal={International Journal for Numerical Methods in Fluids},
  volume={43},
  number={6-7},
  pages={717--728},
  year={2003},
  publisher={Wiley Online Library}
}

@article{clarke1986euler,
  title={Euler calculations for multielement airfoils using Cartesian grids},
  author={Clarke, Donald Keith and Hassan, HA and Salas, MD},
  journal={AIAA Journal},
  volume={24},
  number={3},
  pages={353--358},
  year={1986}
}

@article{coirier1995an,
  title={{An Accuracy Assessment of Cartesian-Mesh Approaches for the Euler Equations}},
  journal={Journal of Computational Physics},
  volume={117},
  number={1},
  pages={121 - 131},
  year={1995},
  author={William J. Coirier and Kenneth G. Powell},
}

@inproceedings{berger1989adaptive,
  title={{An adaptive Cartesian mesh algorithm for the Euler equations in arbitrary geometries}},
  author={Berger, Marsha J and Leveque, Randall J},
  year={1989},
  month={June},
  booktitle={9th Computational Fluid Dynamics Conference},
  series={AIAA Paper No. 1989-1930},
  organization={American Institute of Aeronautics and Astronautics},
  address={Buffalo, New York, United States}
}

@inproceedings{aftosmis1995adaptation,
  title={Adaptation and surface modeling for Cartesian mesh methods},
  author={Aftosmis, MJ and Melton, JE and Berger, MJ},
  year={1995},
  month={June},
  booktitle={12th Computational Fluid Dynamics Conference},
  series={AIAA Paper No. 1995-1725},
  organization={American Institute of Aeronautics and Astronautics},
  address={San Diego, California, United States}
}

@article{luo2006hybrid,
  title={A hybrid Cartesian grid and gridless method for compressible flows},
  author={Luo, Hong and Baum, Joseph D and L{\"o}hner, Rainald},
  journal={Journal of Computational Physics},
  volume={214},
  number={2},
  pages={618--632},
  year={2006},
  publisher={Elsevier}
}

@article{weatherill1990mixed,
  title={Mixed structured-unstructured meshes for aerodynamic flow simulation},
  author={Weatherill, NP},
  journal={Aeronautical Journal},
  volume={84},
  number={934},
  pages={111--123},
  year={1990},
  publisher={Royal Aeronautical Society}
}

@article{mavriplis1997unified,
  title={{A unified multigrid solver for the Navier-Stokes equations on mixed element meshes}},
  author={Mavriplis, DJ and Venkatakrishnan, V},
  journal={International Journal of Computational Fluid Dynamics},
  volume={8},
  number={4},
  pages={247--263},
  year={1997},
  publisher={Taylor \& Francis}
}

@article{nakahashi1999applications,
  title={{Applications of unstructured hybrid grid method to high-Reynolds number viscous flows}},
  author={Nakahashi, Kazuhiro and Sharov, Dmitri and Kano, Shintaro and Kodera, Masatoshi},
  journal={International Journal for Numerical Methods in Fluids},
  volume={31},
  number={1},
  pages={97--111},
  year={1999},
  publisher={Wiley Online Library}
}

@inproceedings{coirier1996mixed,
  title={{A mixed volume grid approach for the Euler and Navier-Stokes equations}},
  author={Coirier, William J and Jorgenson, Philip CE},
  year={1996},
  month={June},
  booktitle={34th Aerospace Sciences Meeting},
  series={AIAA Paper No. 1996-762},
  organization={American Institute of Aeronautics and Astronautics},
  address={Reno, Nevada, United States}
}

@article{haselbacher2000accurate,
  title={{Accurate and efficient discretization of Navier-Stokes equations on mixed grids}},
  author={Haselbacher, Andreas and Blazek, Jiri},
  journal={AIAA Journal},
  volume={38},
  number={11},
  pages={2094--2102},
  year={2000}
}

@article{haselbacher1999finite,
  title={{Finite volume discretization aspects for viscous flows on mixed unstructured grids}},
  author={Haselbacher, Andreas and McGuirk, James J and Page, Gary J},
  journal={AIAA journal},
  volume={37},
  number={2},
  pages={177--184},
  year={1999}
}

@article{sbardella2000efficient,
  title={{An efficient discretization of viscous fluxes on unstructured mixed-element grids}},
  author={Sbardella, L and Imregun, M},
  journal={Communications in numerical methods in engineering},
  volume={16},
  number={12},
  pages={839--849},
  year={2000},
  publisher={Wiley Online Library}
}

@article{wang1998quadtree,
  title={{A Quadtree-based adaptive Cartesian/Quad grid flow solver for Navier-Stokes equations}},
  author={Wang, ZJ},
  journal={Computers \& Fluids},
  volume={27},
  number={4},
  pages={529--549},
  year={1998},
  publisher={Elsevier}
}

@article{frink1998tetrahedral,
  author = {Frink, N.T. and Pirzadeh, S.Z.},
  title={{Tetrahedral finite-volume solutions to the Navier-Stokes equations on complex configurations}},
  journal = {International Journal for Numerical Methods in Fluids},
  volume = {31},
  number = {1},
  publisher = {John Wiley \& Sons, Ltd.},
  pages = {175--187},
  year = {1999},
}

@incollection{harten1987uniformly,
  title={{Uniformly high order accurate essentially non-oscillatory schemes, III}},
  author={Harten, Ami and Engquist, Bjorn and Osher, Stanley and Chakravarthy, Sukumar R},
  booktitle={Upwind and High-Resolution Schemes},
  pages={218--290},
  year={1987},
  publisher={Springer}
}

@article{liu1994weighted,
  title={{Weighted essentially non-oscillatory schemes}},
  author={Liu, Xudong and Osher, Stanley and Chan, Tony},
  journal={Journal of Computational Physics},
  volume={115},
  number={1},
  pages={200--212},
  year={1994},
  publisher={Elsevier}
}

@article{hu1999weighted,
  title={{Weighted essentially non-oscillatory schemes on triangular meshes}},
  author={Hu, Changqing and Shu, Chi-Wang},
  journal={Journal of Computational Physics},
  volume={150},
  number={1},
  pages={97--127},
  year={1999},
  publisher={Elsevier}
}

@article{friedrich1998weighted,
  title={{Weighted essentially non-oscillatory schemes for the interpolation of mean values on unstructured grids}},
  author={Friedrich, Oliver},
  journal={Journal of Computational Physics},
  volume={144},
  number={1},
  pages={194--212},
  year={1998},
  publisher={Elsevier}
}

@article{wolf2007high,
  title={{High-order ENO and WENO schemes for unstructured grids}},
  author={Wolf, WR and Azevedo, JLF},
  journal={International Journal for Numerical Methods in Fluids},
  volume={55},
  number={10},
  pages={917--943},
  year={2007},
  publisher={Wiley Online Library}
}

@article{li2012high,
  title={{High-order k-exact WENO finite volume schemes for solving gas dynamic Euler equations on unstructured grids}},
  author={Li, Wanai and Ren, Yu-Xin},
  journal={International Journal for Numerical Methods in Fluids},
  volume={70},
  number={6},
  pages={742--763},
  year={2012},
  publisher={Wiley Online Library}
}

@article{roe1981approximate,
  title={{Approximate Riemann solvers, parameter vectors, and difference schemes}},
  author={Roe, Philip L},
  journal={Journal of Computational Physics},
  volume={43},
  number={2},
  pages={357--372},
  year={1981},
  publisher={Elsevier}
}

@article{liou1996sequel,
  title={{A sequel to ausm: AUSM{$^+$}}},
  author={Liou, Meng-Sing},
  journal={Journal of Computational Physics},
  volume={129},
  number={2},
  pages={364--382},
  year={1996},
  publisher={Elsevier}
}

@article{luo2005extension,
  title={{Extension of Harten-Lax-van Leer Scheme for Flows at All Speeds}},
  author={Luo, Hong and Baum, Joseph D and Lohner, Rainald},
  journal={AIAA journal},
  volume={43},
  number={6},
  pages={1160--1166},
  year={2005}
}

@article{edwards1997low,
  title={{A low-diffusion flux-splitting scheme for Navier-Stokes calculations}},
  author={Edwards, Jack R},
  journal={Computers \& Fluids},
  volume={26},
  number={6},
  pages={635--659},
  year={1997},
  publisher={Elsevier}
}

@article{edwards1998low,
  title={{Low-diffusion flux-splitting methods for flows at all speeds}},
  author={Edwards, Jack R and Liou, Meng-Sing},
  journal={AIAA journal},
  volume={36},
  number={9},
  pages={1610--1617},
  year={1998}
}

@incollection{cockburn2000development,
  title={{The Development of Discontinuous Galerkin Method}},
  author={Cockburn,B. and Karniadakis, G. and Shu C. W.},
  booktitle={Discontinuous Galerkin Methods,
           Theory, Computation, and Applications.
           Edited by B. Cockburn, G. E. Karniadakis, and C. W. Shu.
           Lecture Notes in Computational Science and Engineering},
  volume={11},
  pages={5--50},
  year={2000},
  publisher={Springer}
}

@article{cockburn1998runge,
  title={{The Runge-Kutta Discontinuous Galerkin Method
          for conservation laws V: Multidimensional System}},
  author={Cockburn, B. and Shu, C. W.},
  journal={Journal of Computational Physics},
  volume={141},
  pages={199--224},
  year={1998}
}

@article{einfeldt1991godunov,
  title={{On Godunov-type methods near low densities}},
  author={Einfeldt, Bernd and Munz, Claus-Dieter and Roe, Philip L and Sj{\"o}green, Bj{\"o}rn},
  journal={Journal of Computational Physics},
  volume={92},
  number={2},
  pages={273--295},
  year={1991},
  publisher={Elsevier}
}

@article{klaij2006space,
  title={{Space--time discontinuous Galerkin method for the compressible Navier--Stokes equations}},
  author={Klaij, Christiaan M and van der Vegt, Jaap JW and van der Ven, Harmen},
  journal={Journal of Computational Physics},
  volume={217},
  number={2},
  pages={589--611},
  year={2006},
  publisher={Elsevier}
}

@article{klaij2006pseudo,
  title={{Pseudo-time stepping methods for space--time discontinuous Galerkin discretizations of the compressible Navier--Stokes equations}},
  author={Klaij, Christiaan M and van der Vegt, Jaap JW and van der Ven, Harmen},
  journal={Journal of Computational Physics},
  volume={219},
  number={2},
  pages={622--643},
  year={2006},
  publisher={Elsevier}
}

@article{bijl2002implicit,
  title={{Implicit time integration schemes for the unsteady compressible Navier--Stokes equations: laminar flow}},
  author={Bijl, Hester and Carpenter, Mark H and Vatsa, Veer N and Kennedy, Christopher A},
  journal={Journal of Computational Physics},
  volume={179},
  number={1},
  pages={313--329},
  year={2002},
  publisher={Elsevier}
}

@article{wang2007implicit,
  title={{Implicit solution of the unsteady Euler equations for high-order accurate discontinuous Galerkin discretizations}},
  author={Wang, Li and Mavriplis, Dimitri J},
  journal={Journal of Computational Physics},
  volume={225},
  number={2},
  pages={1994--2015},
  year={2007},
  publisher={Elsevier}
}

@article{alexander2003design,
  title={{Design and implementation of DIRK integrators for stiff systems}},
  author={Alexander, Roger},
  journal={Applied Numerical Mathematics},
  volume={46},
  number={1},
  pages={1--17},
  year={2003},
  publisher={Elsevier}
}

@article{kristensen2004esdirk,
  title={{An ESDIRK method with sensitivity analysis capabilities}},
  author={Kristensen, Morten Rode and J{\o}rgensen, John Bagterp and Thomsen, Per Grove and J{\o}rgensen, Sten Bay},
  journal={Computers \& Chemical Engineering},
  volume={28},
  number={12},
  pages={2695--2707},
  year={2004},
  publisher={Elsevier}
}

@article{bassi2015linearly,
  title={{Linearly implicit Rosenbrock-type Runge--Kutta schemes
          applied to the Discontinuous Galerkin solution of
          compressible and incompressible unsteady flows}},
  author={Bassi, F and Botti, L and Colombo, A and Ghidoni, A and Massa, F},
  journal={Computers \& Fluids},
  volume={118},
  pages={305--320},
  year={2015},
  publisher={Elsevier}
}

@inproceedings{liu2015class,
  title={{A Class of Rosenbrock Methods for a Reconstructed Discontinuous Galerkin Method for the Unsteady Compressible Flows}},
  author={Liu, Xiaodong and Xia, Yidong and Luo, Hong and Xuan, Lijun},
  booktitle={22nd AIAA Computational Fluid Dynamics Conference},
  year={2015},
  month={June},
  series={AIAA Paper No. 2015-2448},
  organization={American Institute of Aeronautics and Astronautics},
  address={Dallas, Texas, United States}
}

@book{anderson1990modern,
  title={{Modern Compressible Flow: With Historical Perspective}},
  author={Anderson, John David},
  volume={12},
  year={1990},
  publisher={McGraw-Hill New York}
}

@article{gaston2009moose,
  title={{MOOSE: A parallel computational framework for coupled systems of nonlinear equations}},
  author={Gaston, Derek and Newman, Chris and Hansen, Glen and Lebrun-Grandie, Damien},
  journal={Nuclear Engineering and Design},
  volume={239},
  number={10},
  pages={1768--1778},
  year={2009},
  publisher={Elsevier}
}

@techreport{balay2014petsc,
  title={{PETSc Users Manual Revision 3.5}},
  author={Balay, S and Abhyankar, S and Adams, M and Brown, J and Brune, P and Buschelman, K and Eijkhout, V and Gropp, W and Kaushik, D and Knepley, M and others},
  institution={Argonne National Laboratory (ANL)},
  year={2014}
}

@article{liska2003comparison,
  title={{Comparison of several difference schemes on 1D and 2D test problems for the Euler equations}},
  author={Liska, Richard and Wendroff, Burton},
  journal={SIAM Journal on Scientific Computing},
  volume={25},
  number={3},
  pages={995--1017},
  year={2003},
  publisher={SIAM}
}

@techreport{harten1991multi,
  title={{Multi-Dimensional ENO Schemes for General Geometries}},
  author={Harten, Ami and Chakravarthy, Sukumar R},
  year={1991},
  institution={NASA Langley Research Center},
  address={Hampton, Virginia, USA}
}

@article{abgrall1994essentially,
  title={{On essentially non-oscillatory schemes on unstructured meshes: analysis and implementation}},
  author={Abgrall, R{\'e}mi},
  journal={Journal of Computational Physics},
  volume={114},
  number={1},
  pages={45--58},
  year={1994},
  publisher={Elsevier}
}

@article{sonar1997construction,
  title={{On the construction of essentially non-oscillatory finite volume approximations
          to hyperbolic conservation laws on general triangulations:
          polynomial recovery, accuracy and stencil selection}},
  author={Sonar, Thomas},
  journal={Computer Methods in Applied Mechanics and Engineering},
  volume={140},
  number={1},
  pages={157--181},
  year={1997},
  publisher={Elsevier}
}

@article{luo2007hermite,
  title={A Hermite WENO-based limiter for discontinuous Galerkin method on unstructured grids},
  author={Luo, Hong and Baum, Joseph D and L{\"o}hner, Rainald},
  journal={Journal of Computational Physics},
  volume={225},
  number={1},
  pages={686--713},
  year={2007},
  publisher={Elsevier}
}

@article{luo2013reconstructed,
  title={{A reconstructed discontinuous Galerkin method based on a hierarchical WENO reconstruction for compressible flows on tetrahedral grids}},
  author={Luo, Hong and Xia, Yidong and Spiegel, Seth and Nourgaliev, Robert and Jiang, Zonglin},
  journal={Journal of Computational Physics},
  volume={236},
  pages={477--492},
  year={2013},
  publisher={Elsevier}
}

@article{luo2012hermite,
  title={{A Hermite WENO reconstruction-based discontinuous Galerkin method for the Euler equations on tetrahedral grids}},
  author={Luo, Hong and Xia, Yidong and Li, Shujie and Nourgaliev, Robert and Cai, Chunpei},
  journal={Journal of Computational Physics},
  volume={231},
  number={16},
  pages={5489--5503},
  year={2012},
  publisher={Elsevier}
}

@article{kirk2006libmesh,
  title={{libMesh: a C++ library for parallel adaptive mesh refinement/coarsening simulations}},
  author={Kirk, Benjamin S and Peterson, John W and Stogner, Roy H and Carey, Graham F},
  journal={Engineering with Computers},
  volume={22},
  number={3-4},
  pages={237--254},
  year={2006},
  publisher={Springer}
}

@article{johnsen2006implementation,
  title={{Implementation of WENO schemes in compressible multicomponent flow problems}},
  author={Johnsen, Eric and Colonius, Tim},
  journal={Journal of Computational Physics},
  volume={219},
  number={2},
  pages={715--732},
  year={2006},
  publisher={Elsevier}
}

@phdthesis{gryngarten2012multi,
  title={{Multi-phase flows using discontinuous Galerkin methods}},
  author={Gryngarten, Leandro Damian},
  year={2012},
  school={Georgia Institute of Technology}
}

@article{christon2016hybrid,
  title={{A hybrid incremental projection method for thermal-hydraulics applications}},
  author={Christon, Mark A and Bakosi, Jozsef and Nadiga, Balasubramanya T and Berndt, Markus and Francois, Marianne M and Stagg, Alan K and Xia, Yidong and Luo, Hong},
  journal={Journal of Computational Physics},
  volume={317},
  pages={382--404},
  year={2016},
  publisher={Elsevier}
}

@article{liu2016comparative,
  title={{A comparative study of Rosenbrock-type and implicit Runge-Kutta time integration
          for discontinuous Galerkin method for unsteady 3D compressible Navier-Stokes equations}},
  author={Liu, Xiaodong and Xia, Yidong and Luo, Hong and Xuan, Lijun},
  journal={Communications in Computational Physics},
  volume={20},
  number={4},
  pages={1016-1044},
  year={2016}
}

@techreport{mahaffy2007best,
  title={{Best practice guidelines for the use of CFD in nuclear reactor safety applications}},
  author={Mahaffy, J and Chung, B and Song, C and Dubois, F and Graffard, E and Ducros, F and Heitsch, M and Scheuerer, M and Henriksson, M and Komen, E and others},
  year={2007},
  number={NEA-CSNI-R---2007-05},
  institution={Nuclear Energy Agency of the OECD (NEA)},
  address={Boulogne-Billancourt, France}
}

@techreport{smith2008assessment,
  title={{Assessment of computational fluid dynamics (CFD) for nuclear reactor safety problems}},
  author={Smith, BL and Andreani, M and Bieder, U and Bestion, D and Ducros, F and Graffard, E and Heitsch, M and Scheuerer, M and Henriksson, M and Hoehne, T and others},
  year={2008},
  institution={Nuclear Energy Agency of the OECD (NEA)},
  address={Boulogne-Billancourt, France}
}

@article{bestion2012applicability,
  title={{Applicability of two-phase CFD to nuclear reactor thermalhydraulics and elaboration of best practice guidelines}},
  author={Bestion, D},
  journal={Nuclear Engineering and Design},
  volume={253},
  pages={311--321},
  year={2012},
  publisher={Elsevier}
}

@article{smith2010assessment,
  title={{Assessment of CFD codes used in nuclear reactor safety simulations}},
  author={Smith, Brian L},
  journal={Nuclear Engineering and Technology},
  volume={42},
  number={4},
  pages={339--364},
  year={2010},
  publisher={Korean Nuclear Society}
}

@article{apanasevich2014comparison,
  title={{Comparison of CFD simulations on two-phase Pressurized Thermal Shock scenarios}},
  author={Apanasevich, Pavel and Coste, Pierre and Ni{\v{c}}eno, Bojan and Heib, Caroline and Lucas, Dirk},
  journal={Nuclear Engineering and Design},
  volume={266},
  pages={112--128},
  year={2014},
  publisher={Elsevier}
}

@article{rohde2007fluid,
  title={{Fluid mixing and flow distribution in a primary circuit of a nuclear pressurized water reactor -- Validation of CFD codes}},
  author={Rohde, U and H{\"o}hne, T and Kliem, S and Hemstr{\"o}m, B and Scheuerer, M and Toppila, T and Aszodi, A and Boros, I and Farkas, I and M{\"u}hlbauer, P and others},
  journal={Nuclear Engineering and Design},
  volume={237},
  number={15},
  pages={1639--1655},
  year={2007},
  publisher={Elsevier}
}

@article{conner2010cfd,
  title={{CFD methodology and validation for single-phase flow in PWR fuel assemblies}},
  author={Conner, Michael E and Baglietto, Emilio and Elmahdi, Abdelaziz M},
  journal={Nuclear Engineering and Design},
  volume={240},
  number={9},
  pages={2088--2095},
  year={2010},
  publisher={Elsevier}
}

@article{frank2008validation,
  title={{Validation of CFD models for mono-and polydisperse air--water two-phase flows in pipes}},
  author={Frank, Th and Zwart, PJ and Krepper, E and Prasser, H-M and Lucas, D},
  journal={Nuclear Engineering and Design},
  volume={238},
  number={3},
  pages={647--659},
  year={2008},
  publisher={Elsevier}
}

@article{gaston2015physics,
  title={{Physics-based multiscale coupling for full core nuclear reactor simulation}},
  author={Gaston, Derek R and Permann, Cody J and Peterson, John W and Slaughter, Andrew E and Andr{\v{s}}, David and Wang, Yaqi and Short, Michael P and Perez, Danielle M and Tonks, Michael R and Ortensi, Javier and others},
  journal={Annals of Nuclear Energy},
  volume={84},
  pages={45--54},
  year={2015},
  publisher={Elsevier}
}

@misc{mooseframework,
  title = {{MOOSE Multiphysics Framework}},
  howpublished = "\url{http://mooseframework.org/}",
  year = {2016},
  note = "[Online; accessed 27-January-2017]"
}

