@book{simo2006computational,
  title={Computational inelasticity},
  author={Simo, Juan C and Hughes, Thomas JR},
  volume={7},
  year={2006},
  publisher={Springer Science \& Business Media}
}

@book{dunne2005introduction,
  title={Introduction to computational plasticity},
  author={Dunne, Fionn and Petrinic, Nik},
  year={2005},
  publisher={Oxford University Press on Demand}
}

@article{niffenegger2012proper,
  Author = {Niffenegger, Markus and Reichlin, Klaus},
  Doi = {10.1016/j.nucengdes.2011.12.006},
  Journal = {Nuclear Engineering and Design},
  Month = feb,
  Pages = {356--359},
  Title = {The proper use of thermal expansion coefficients in finite element calculations},
  Volume = {243},
  Year = {2012}
}

@book{hughes1987finite,
  title = {The Finite Element Method, Linear Static and Dynamic Finite Element Analysis},
  publisher = {New Jersey:Prentice-Hall},
  year = {1987},
  author = {Hughes, T.~J.~R}
}

@book{bower2009applied,
  title = {Applied mechanics of solids},
  publisher = {CRC press},
  year = {2009},
  author = {Bower, A.~F.}
}
