@misc{Brannon_2,
author = {Brannon, R.},
title = {Exact integration of non-hardening Von Mises plasticity models subjected to a constant strain rate with a time varying tangent stiffness},
year = {2015},
howpublished = {https://csmbrannon.files.wordpress.com/2015/07/plasticityverification2excerpt.pdf}
}

@article{kamojjala2015,
  title={Verification tests in solid mechanics},
  author={Kamojjala, K and Brannon, R and Sadeghirad, A and Guilkey, James},
  journal={Engineering with Computers},
  volume={31},
  number={2},
  pages={193--213},
  year={2015},
  publisher={Springer}
}

@article{brannon2010multi,
  title={A multi-stage return algorithm for solving the classical damage component of constitutive models for rocks, ceramics, and other rock-like media},
  author={Brannon, Rebecca M and Leelavanichkul, S},
  journal={International Journal of Fracture},
  volume={163},
  number={1-2},
  pages={133--149},
  year={2010},
  publisher={Springer}
}
